@misc{chipM1,
  title = {{La microarquitectura de los chips M1 Pro y M1 Max de Apple}},
  author = "Juan Carlos Lopez",
  howpublished = {Recuperado de: \url{https://www.xataka.com/componentes/microarquitectura-chips-m1-pro-m1-max-apple-explicada-su-arma-secreta-escalabilidad-que-no-ha-dicho-su-ultima-palabra}},
  year = "2022",
  note = {Fecha de consulta: 30/06/2022}
}

@misc{AnswaCode,
  title = "Tablas hash versus árboles binarios",
  author = "Alex ten Brink",
  howpublished = "\url{https://es.answacode.com/cs/270/tablas-hash-versus-arboles-binarios}",
  year = "2012"
}

@misc{ajaxhispano,
  title = "Complejidad del tiempo de ejecución de la tabla Hash (insertar, buscar y eliminar)",
  author = "Autor anónimo",
  howpublished = "\url{https://ajaxhispano.com/ask/complejidad-del-tiempo-de-ejecucion-de-la-tabla-hash-insertar-buscar-y-eliminar-85806/}",
  year = "2012"
}

@misc{cpprefence_set,
  title = "Documentación Container: set",
  author = "CppReference",
  howpublished = "\url{https://en.cppreference.com/w/cpp/container/set}",
  year = "2022"
}
@misc{cpprefence_unset,
  title = "Documentación Container: unordered set",
  author = "CppReference",
  howpublished = "\url{https://en.cppreference.com/w/cpp/container/unordered_set
}",
  year = "2022"
}

@misc{doublehashing,
  title = "Double Hashing",
  author = "GeeksforGeeks",
  howpublished = https://www.geeksforgeeks.org/double-hashing/
}",
  year = "2022"
}

@book{Gamma,
    author    = "Sultanito Mendoza and Jaime Duende",
    title     = "Libro apantallante que probablemente no leíste y solo lo pusiste por poner algo",
    year      = "2022",
    publisher = "Ediciones Tepito",
    edition = "1st"
}
